@online{kmorsink,
author = {Kalila Morsink},
title = {With Every Breath You Take, Thank the Ocean},
year = {2017},
url = {https://ocean.si.edu/ocean-life/plankton/every-breath-you-take-thank-ocean},
OPTsubtitle = {},
OPTtitleaddon = {},
OPTlanguage = {},
OPTversion = {},
OPTnote = {},
OPTorganization = {},
OPTdate = {},
OPTmonth = {},
OPTaddendum = {},
OPTpubstate = {},
OPTurldate = {},
}

@online{ymalhi,
author = {Yadvinder Malhi},
title = {does the amazon provide 20 percent of our oxygen?},
year = {2019},
url = {http://www.yadvindermalhi.org/blog/does-the-amazon-provide-20-of-our-oxygen},
OPTsubtitle = {},
OPTtitleaddon = {},
OPTlanguage = {},
OPTversion = {},
OPTnote = {},
OPTorganization = {},
OPTdate = {},
OPTmonth = {},
OPTaddendum = {},
OPTpubstate = {},
OPTurldate = {},
}

@online{dnowak,
author = {David Nowak, Daniel Crane, and Jack Stevens},
title = {Air pollution removal by urban trees and shrubs in the United States},
year = {2006},
url = {https://www.sciencedirect.com/science/article/abs/pii/S1618866706000173},
OPTsubtitle = {},
OPTtitleaddon = {},
OPTlanguage = {},
OPTversion = {},
OPTnote = {},
OPTorganization = {},
OPTdate = {},
OPTmonth = {},
OPTaddendum = {},
OPTpubstate = {},
OPTurldate = {},
}

@online{wpark,
author = {William Park},
title = {The tiny parasitic wasp that saved an industry},
year = {2020},
url = {https://www.bbc.com/future/article/20201124-the-tiny-parasitic-wasp-that-saved-the-cassava-industry},
OPTsubtitle = {},
OPTtitleaddon = {},
OPTlanguage = {},
OPTversion = {},
OPTnote = {},
OPTorganization = {},
OPTdate = {},
OPTmonth = {},
OPTaddendum = {},
OPTpubstate = {},
OPTurldate = {},
}

@online{avanbergen,
author = {Adam Vanbergen},
title = {Threats to an ecosystem service: pressures on pollinators},
year = {2013},
url = {https://esajournals.onlinelibrary.wiley.com/doi/10.1890/120126},
OPTsubtitle = {},
OPTtitleaddon = {},
OPTlanguage = {},
OPTversion = {},
OPTnote = {},
OPTorganization = {},
OPTdate = {},
OPTmonth = {},
OPTaddendum = {},
OPTpubstate = {},
OPTurldate = {},
}

@online{reefcause,
author = {ReefCause Team},
title = {Why Are Sharks Important For Healthy Coral Reefs},
year = {2021},
url = {https://conservation.reefcause.com/why-are-sharks-important-for-healthy-coral-reefs/},
OPTsubtitle = {},
OPTtitleaddon = {},
OPTlanguage = {},
OPTversion = {},
OPTnote = {},
OPTorganization = {},
OPTdate = {},
OPTmonth = {},
OPTaddendum = {},
OPTpubstate = {},
OPTurldate = {},
}

@online{california,
author = {State of California},
title = {Fire and the Giant Sequoia},
year = {2014},
url = {http://www.150.parks.ca.gov/?page_id=27588},
OPTsubtitle = {},
OPTtitleaddon = {},
OPTlanguage = {},
OPTversion = {},
OPTnote = {},
OPTorganization = {},
OPTdate = {},
OPTmonth = {},
OPTaddendum = {},
OPTpubstate = {},
OPTurldate = {},
}

@online{shoek,
author = {Sarah Hoek},
title = {Fynbos: why fire is important for its survival},
year = {2021},
url = {https://www.dailymaverick.co.za/article/2021-06-30-fynbos-why-fire-is-important-for-its-survival/},
OPTsubtitle = {},
OPTtitleaddon = {},
OPTlanguage = {},
OPTversion = {},
OPTnote = {},
OPTorganization = {},
OPTdate = {},
OPTmonth = {},
OPTaddendum = {},
OPTpubstate = {},
OPTurldate = {},
}

@online{nature,
author = {Nature Conservancy},
title = {The Importance of Mangroves},
year = {2020},
url = {https://www.nature.org/en-us/about-us/where-we-work/united-states/florida/stories-in-florida/why-mangroves-important/?gclid=Cj0KCQiAtICdBhCLARIsALUBFcFoJa8SLOJQu1577RqQnQJ0Qf5vm-JVspR16KDser91-OLVchWj1JkaAr3AEALw_wcB&gclsrc=aw.ds#elb=1},
OPTsubtitle = {},
OPTtitleaddon = {},
OPTlanguage = {},
OPTversion = {},
OPTnote = {},
OPTorganization = {},
OPTdate = {},
OPTmonth = {},
OPTaddendum = {},
OPTpubstate = {},
OPTurldate = {},
}

@online{mas,
author = {Millenium Ecosystem Assessment},
title = {Ecosystems and Their Services},
year = {2001},
url = {https://www.millenniumassessment.org/documents/document.300.aspx.pdf},
OPTsubtitle = {},
OPTtitleaddon = {},
OPTlanguage = {},
OPTversion = {},
OPTnote = {},
OPTorganization = {},
OPTdate = {},
OPTmonth = {},
OPTaddendum = {},
OPTpubstate = {},
OPTurldate = {},
}

@online{mes,
author = {Millenium Ecosystem Assessment},
title = {Ecosystems and Human Well-being},
year = {2001},
url = {https://www.millenniumassessment.org/documents/document.301.aspx.pdf},
OPTsubtitle = {},
OPTtitleaddon = {},
OPTlanguage = {},
OPTversion = {},
OPTnote = {},
OPTorganization = {},
OPTdate = {},
OPTmonth = {},
OPTaddendum = {},
OPTpubstate = {},
OPTurldate = {},
}

@online{csagan,
author = {Carl Sagan},
title = {The Dragons of Eden},
year = {1977},
url = {https://en.wikipedia.org/wiki/Cosmic_Calendar},
OPTsubtitle = {},
OPTtitleaddon = {},
OPTlanguage = {},
OPTversion = {},
OPTnote = {},
OPTorganization = {},
OPTdate = {},
OPTmonth = {},
OPTaddendum = {},
OPTpubstate = {},
OPTurldate = {},
}

@online{eellis,
author = {Eric Ellis},
title = {Anthropocene},
year = {2018},
url = {},
OPTsubtitle = {},
OPTtitleaddon = {},
OPTlanguage = {},
OPTversion = {},
OPTnote = {},
OPTorganization = {},
OPTdate = {},
OPTmonth = {},
OPTaddendum = {},
OPTpubstate = {},
OPTurldate = {},
}

@online{hritchie,
author = {Hannah Ritchie and Max Roser},
title = {Land Use},
year = {2019},
url = {https://ourworldindata.org/land-use},
OPTsubtitle = {},
OPTtitleaddon = {},
OPTlanguage = {},
OPTversion = {},
OPTnote = {},
OPTorganization = {},
OPTdate = {},
OPTmonth = {},
OPTaddendum = {},
OPTpubstate = {},
OPTurldate = {},
}

@online{mroser,
author = {Hannah Ritchie and Max Roser},
title = {Fish and Overfishing},
year = {2021},
url = {https://ourworldindata.org/fish-and-overfishing},
OPTsubtitle = {},
OPTtitleaddon = {},
OPTlanguage = {},
OPTversion = {},
OPTnote = {},
OPTorganization = {},
OPTdate = {},
OPTmonth = {},
OPTaddendum = {},
OPTpubstate = {},
OPTurldate = {},
}

@online{wsteffen,
author = {W. Steffen et al},
title = {Global Change and the Earth System},
year = {2004},
url = {http://www.igbp.net/publications/igbpbookseries/igbpbookseries/globalchangeandtheearthsystem2004.5.1b8ae20512db692f2a680007462.html},
OPTsubtitle = {},
OPTtitleaddon = {},
OPTlanguage = {},
OPTversion = {},
OPTnote = {},
OPTorganization = {},
OPTdate = {},
OPTmonth = {},
OPTaddendum = {},
OPTpubstate = {},
OPTurldate = {},
}

@online{adubey,
author = {Anna Dubey},
title = {Major Mass Extinctions},
year = {},
url = {https://www.britannica.com/list/major-mass-extinctions},
OPTsubtitle = {},
OPTtitleaddon = {},
OPTlanguage = {},
OPTversion = {},
OPTnote = {},
OPTorganization = {},
OPTdate = {},
OPTmonth = {},
OPTaddendum = {},
OPTpubstate = {},
OPTurldate = {},
}

@online{wwf,
author = {World Wildlife Foundation},
title = {What is the sixth mass extinction and what can we do about it},
year = {2022},
url = {https://www.worldwildlife.org/stories/what-is-the-sixth-mass-extinction-and-what-can-we-do-about-it},
OPTsubtitle = {},
OPTtitleaddon = {},
OPTlanguage = {},
OPTversion = {},
OPTnote = {},
OPTorganization = {},
OPTdate = {},
OPTmonth = {},
OPTaddendum = {},
OPTpubstate = {},
OPTurldate = {},
}

@online{tkuhn,
author = {Thomas Kuhn},
title = {The Structure of Scientific Revolutions},
year = {1962},
url = {},
OPTsubtitle = {},
OPTtitleaddon = {},
OPTlanguage = {},
OPTversion = {},
OPTnote = {},
OPTorganization = {},
OPTdate = {},
OPTmonth = {},
OPTaddendum = {},
OPTpubstate = {},
OPTurldate = {},
}

@online{sbrush,
author = {Stephen Brush},
title = {Scientific Revolution},
year = {},
url = {https://www.britannica.com/science/Scientific-Revolution},
OPTsubtitle = {},
OPTtitleaddon = {},
OPTlanguage = {},
OPTversion = {},
OPTnote = {},
OPTorganization = {},
OPTdate = {},
OPTmonth = {},
OPTaddendum = {},
OPTpubstate = {},
OPTurldate = {},
}

@online{wsd,
author = {Wikipedia},
title = {Timeline of Scientific Discoveries},
year = {},
url = {https://en.wikipedia.org/wiki/Timeline_of_scientific_discoveries},
OPTsubtitle = {},
OPTtitleaddon = {},
OPTlanguage = {},
OPTversion = {},
OPTnote = {},
OPTorganization = {},
OPTdate = {},
OPTmonth = {},
OPTaddendum = {},
OPTpubstate = {},
OPTurldate = {},
}

@online{hschellnhuber,
author = {Hans Schellnhuber},
title = {Earth system analysis and the second Copernican revolution},
year = {1999},
url = {https://www.nature.com/articles/35011515},
OPTsubtitle = {},
OPTtitleaddon = {},
OPTlanguage = {},
OPTversion = {},
OPTnote = {},
OPTorganization = {},
OPTdate = {},
OPTmonth = {},
OPTaddendum = {},
OPTpubstate = {},
OPTurldate = {},
}

@online{wls,
author = {Wikipedia},
title = {Landsat Program},
year = {},
url = {https://en.wikipedia.org/wiki/Landsat_program},
OPTsubtitle = {},
OPTtitleaddon = {},
OPTlanguage = {},
OPTversion = {},
OPTnote = {},
OPTorganization = {},
OPTdate = {},
OPTmonth = {},
OPTaddendum = {},
OPTpubstate = {},
OPTurldate = {},
}

@online{jpongratz,
author = {Julia Pongratz et al},
title = {Models meet data: Challenges and opportunities in
implementing land management in Earth system models},
year = {2017},
url = {https://onlinelibrary.wiley.com/doi/pdf/10.1111/gcb.13988},
OPTsubtitle = {},
OPTtitleaddon = {},
OPTlanguage = {},
OPTversion = {},
OPTnote = {},
OPTorganization = {},
OPTdate = {},
OPTmonth = {},
OPTaddendum = {},
OPTpubstate = {},
OPTurldate = {},
}

@online{ibartomeus,
author = {Ignasi Bartomeus and Lynn Dicks},
title = {The need for coordinated transdisciplinary research infrastructures for pollinator conservation and crop pollination resilience},
year = {2019},
url = {https://iopscience.iop.org/article/10.1088/1748-9326/ab0cb5/meta},
OPTsubtitle = {},
OPTtitleaddon = {},
OPTlanguage = {},
OPTversion = {},
OPTnote = {},
OPTorganization = {},
OPTdate = {},
OPTmonth = {},
OPTaddendum = {},
OPTpubstate = {},
OPTurldate = {},
}

@online{hkuhl,
author = {Hjalmar Kuhl et al},
title = {Effective Biodiversity Monitoring Needs a Culture of Integration},
year = {2020},
url = {https://www.sciencedirect.com/science/article/pii/S2590332220304796},
OPTsubtitle = {},
OPTtitleaddon = {},
OPTlanguage = {},
OPTversion = {},
OPTnote = {},
OPTorganization = {},
OPTdate = {},
OPTmonth = {},
OPTaddendum = {},
OPTpubstate = {},
OPTurldate = {},
}

@online{mnijhuis,
author = {Michelle Nijhuis},
title = {Beloved Beasts: Fighting for Life in an Age of Extinction},
year = {2021},
url = {},
OPTsubtitle = {},
OPTtitleaddon = {},
OPTlanguage = {},
OPTversion = {},
OPTnote = {},
OPTorganization = {},
OPTdate = {},
OPTmonth = {},
OPTaddendum = {},
OPTpubstate = {},
OPTurldate = {},
}

@online{ewilson,
author = {Edward Wilson},
title = {Half-Earth: Our Planet's Fight for Life },
year = {2016},
url = {},
OPTsubtitle = {},
OPTtitleaddon = {},
OPTlanguage = {},
OPTversion = {},
OPTnote = {},
OPTorganization = {},
OPTdate = {},
OPTmonth = {},
OPTaddendum = {},
OPTpubstate = {},
OPTurldate = {},
}

@online{ahajek,
author = {Ann Hajek and Jorgen Eilenberg},
title = {Natural Enemies: An Introduction to Biological Control},
year = {2018},
url = {},
OPTsubtitle = {},
OPTtitleaddon = {},
OPTlanguage = {},
OPTversion = {},
OPTnote = {},
OPTorganization = {},
OPTdate = {},
OPTmonth = {},
OPTaddendum = {},
OPTpubstate = {},
OPTurldate = {},
}

@online{ridgway,
author = {Ridgway and Vinson},
title = {Biological Control by Augmentation of Natural Enemies},
year = {1976},
url = {},
OPTsubtitle = {},
OPTtitleaddon = {},
OPTlanguage = {},
OPTversion = {},
OPTnote = {},
OPTorganization = {},
OPTdate = {},
OPTmonth = {},
OPTaddendum = {},
OPTpubstate = {},
OPTurldate = {},
}

@online{nmills,
author = {N Mills and W Getz},
title = {Modelling the biological control of insect pests: a review of host-parasitoid models},
year = {1996},
url = {},
OPTsubtitle = {},
OPTtitleaddon = {},
OPTlanguage = {},
OPTversion = {},
OPTnote = {},
OPTorganization = {},
OPTdate = {},
OPTmonth = {},
OPTaddendum = {},
OPTpubstate = {},
OPTurldate = {},
}